% Help here : http://en.wikibooks.org/wiki/LaTeX/Bibliography_Management#BibTeX
% http://newton.ex.ac.uk/tex/pack/bibtex/btxdoc/node6.html

@article{OECD,
 	author = "Giner, Céline",
	title = "Nouvelles pistes de création de valeur dans le secteur agroalimentaire",
	year = "2010",
	journal = "OECD Food, Agriculture and Fisheries Working Papers",
	number = "13",
	editor = "Editions OECD"
	}

@misc{PoleAgroOuest,
	title = "{S}ite du {P}ôle {A}gronomique {O}uest",
	year = "2014",
	month = "Décembre",
	howpublished = "\url{http://www.pole-agro-ouest.eu/Pole_Agronomique_Ouest/Agriculture.html}"
	}
	
@misc{CompetitiviteGouv,
	title = "Liste des pôles de compétitivité en France",
	year = "2014",
	month = "Décembre",
	howpublished = "\url{http://competitivite.gouv.fr/identifier-un-pole/annuaire-des-poles-20.html}"
	}
	
@article{EtoilesViande,
	author = "Lorenzo, Sandra",
	title = "Les nouvelles étiquettes sur la viande avec des étoiles, “plus simple et plus compréhensible”",
	year = "2014",
	month = "3 Décembre",
	journal = "Le HuffPost",
	howpublished = "\url{http://www.huffingtonpost.fr/2014/12/03/etiquette-viande-etoiles-plus-simple-plus-comprehensible_n_6255916.html}"
	}

@article{FruitDOr,
	author = "L. F.",
	title = "Unilever lance en France la première margarine anticholestérol",
	journal = "Les Echos",
	year = "2000",
	month = "9 Octobre",
	howpublished = "\url{http://www.lesechos.fr/09/10/2000/LesEchos/18253-055-ECH_unilever-lance-en-france-la-premiere-margarine-anticholesterol.htm}",
	}
	
@article{OpenInnovation,
	author = "Barbara Bigliardi et Francesco Galati",
	title = "Models of adoption of open innovation within the food industry",
	journal = "Trends in Food Science \& Technology",
	year = "2013",
	month = "Mars",
	volume = "30",
	pages = "16--21",
	howpublished = "\url{http://www.sciencedirect.com/science/article/pii/S0924224412002300}",
	}
	
@Book{WFGM,
	author = "Slowinski, Gene",
	title = "{R}einventing {C}orporate {G}rowth",
	publisher = "Alliance Management Group 	Incorporation",
	year = "2005",
	month = "Août",
	}

@article{FMF,
	author = "Barbara Bigliardi et Francesco Galati et Eleonora Bottani",
	title = "Open innovation and supply chain management in food machinery supply chain: a case study",
	journal = "International Journal of Engineering, Science and Technology",
	year = "2010",
	volume = "2",
	number = "6",
	pages = "244--255"
	}

@misc{NestleOI,
	title = "{N}estlé {I}nvestor {S}eminar 2007",
	howpublished = "\url{http://www.nestle.com/asset-library/documents/library/presentations/investors_events/investors_seminar_2007/randd_engine_jun2007_bauer.pdf}",
	year = "2007",
	month = "Juin"
	}

@article{OIFr,
	author = "Le Bayon, Simon",
	title = "3 modèles d'adoption de l'{O}pen {I}nnovation dans l'industrie alimentaire",
	journal = "Mychefcom.com",
	year = "2014",
	month = "27 Janvier",
	howpublished = "http://www.nestle.com/asset-library/documents/library/presentations/investors_events/investors_seminar_2007/randd_engine_jun2007_bauer.pdf"
	}
	
@article{SiW,
	author = "Helmut Traitler et I. Sam Saguy",
	title = "Creating successful innovation partnerships",
	journal = "Food Technology",
	volume = "63",
	number = "3",
	year = "2009",
	pages = "22-–35"
	}

@misc{ProjetsAboutis,
	title = "{V}alorial - {P}rojets {A}boutis",
	year = "2014",
	month = "Décembre",
	howpublished = "\url{http://www.pole-valorial.fr/52/vos-projets-de-r-d/projets-aboutis/}"
	}

@misc{ProjetsValorial,
	title = "{V}alorial - {V}os projets de {R}\&{D}",
	year = "2014",
	month = "Décembre",
	howpublished = "\url{http://www.pole-valorial.fr/52/vos-projets-de-r-d/}"
	}
	
@article{PolesCompetitiviteClusters,
	author = "Thomas Froehlicher et Franck Barès",
	year = "2014",
	month = "Octobre",
	journal = "Entreprendre \& Innover",
	pages = "45--58",
	title = "Pôles de compétitivité et clusters, vers des écosystèmes de croissance ?"
	}
	
@article{PoleCompetitivite,	
	author = "Retour, Didier",
	year = "2009",
	title = "{P}ôles de compétitivité, {P}ropos d'étape",
	journal = "Revue Française de Gestion",
	number = "190",
	month = "janvier",
	pages = "93--99"
	}
	
@book{RapportBlanc,
	author = "Blanc, Christian",
	title = "{P}our un écosystème de la croissance - {R}apport Au {P}remier {M}inistre",
	year = "2004",
	publisher = "Assemblée Nationale"
	}
	
@article{ModernisationAgricultureBretonne,
	author = "Chartier-Le Floch, Erwan",
	year = "2012",
	month = "26 Février",
	title = "La modernisation de l'agriculture bretonne",
	journal = "Le Télégramme",
	howpublished = "http://www.letelegramme.fr/ig/loisirs/la-modernisation-de-l-agriculture-bretonne-26-02-2012-1613154.php"
	}
	
@misc{AlguesVertesNouvellePreuveRavagesProductivismeAgricole,
	author = "Bantegnie, René",	
	title = "{E}urope {É}cologie {L}es {V}erts, {G}roupe kemper kerne - {A}lgues vertes : une nouvelle preuve des ravages du productivisme agricole",
	year = "2011",
	month = "6 Août",
	}
	%"http://kemperkerne.europe-ecologie.net/2011/08/06/algues-vertes-une-nouvelle-preuve-des-ravages-du-productivisme-agricole/"
	
@misc{NitratesAlguesVertesBretagne,
	title = "{N}itrates, algues vertes en {B}retagne",	
	howpublished = "\url{http://www.developpement-durable.gouv.fr/Les-nitrates-et-les-algues-vertes,17843.html}"
	}
	
@misc{BretagnePoussinsBroyesEtouffesDansCouvoir,
	title = "Bretagne : des poussins broyés et étouffés dans un couvoir",
	year = "2014",
	month = "12 Novembre",
	howpublished = "\url{http://www.30millionsdamis.fr/actualites/article/8187-bretagne-des-poussins-broyes-et-etouffes-dans-un-couvoir/}"
	}
	
@misc{Eligibilite,
	title = "{V}alorial - {É}ligibilité",
	year = "2014",
	month = "Décembre",
	howpublished = "\url{http://www.pole-valorial.fr/52/vos-projets-de-r-d/eligibilite/}"
	}
	
@misc{Bellegum,
	title = "{V}alorial - {B}ellegum",
	year = "2014",
	month = "Décembre",
	howpublished = "\url{http://www.pole-valorial.fr/52/vos-projets-de-r-d/projets-aboutis/article/bullegum}"
	}
	
@article{RobotsChamps,
	author = "Blanc, Nathalie",
	journal = "Sciences Ouest",
	number = "307",
	year = "2013",
	month = "Mars",
	title = "Les robots des champs"
	}

@book{OligoElements,
	author = "Yves Coïc et Marcel Coppenet",
	title = "Les oligo-éléments en agriculture et en élevage",
	year = "1989",
	month = "1er Janvier"
	}
	
@misc{FAOStatisticalYearbook2013,
	author = "Food and Agriculture Organization of the United Nations",
	title = "{FAO STATISTICAL YEARBOOK} 2013 - {W}orld {F}ood and {A}griculture",
	year = "2013"
	}
	
@misc{AvenirFiliereAgricole2025,
	title = "{L}’avenir des filières agricoles à l’horizon 2025",
	year = "2014",
	month = "19 Février",
	howpublished = "\url{http://www.franceagrimer.fr/Actualites/L-avenir-des-filieres-agricoles-a-l-horizon-2025./%28filiere%29/2}"
	}
	
@misc{IAAFranceChiffres,
	title = "{P}lanetoscope - {L}'industrie agroalimentaire en {F}rance",
	year = "2014",
	month = "Décembre",
	howpublished = "\url{http://www.planetoscope.com/agriculture-alimentation/928-chiffre-d-affaires-de-l-industrie-agroalimentaire-en-france.html}"
	}
	
@misc{FavoriserQualiteAgricultureAgroalimentaire,
	title = "{R}egion {B}retagne - {F}avoriser la qualité dans l’agriculture et l’agroalimentaire",
	year = "2014",
	month = "26 Février",
	howpublished = "\url{http://www.bretagne.fr/internet/jcms/c_12067/favoriser-la-qualite-dans-l-agriculture-et-l-agroalimentaire}"
	}
	
@article{FlopVDF,
	author = "Pascal Bertherlot et Gaétran Supertino",
	journal = "Europe 1",
	year = "2014",
	month = "26 Septembre",
	title = "Le label “viande de France” fait un flop"
	}
	
@book{PacteAvenirBretagne,
	author = "Région Bretagne",
	title = "{PACTE D’AVENIR pour la BRETAGNE - EMGLEV EVIT DAZONT BREIZH}",
	year = "2014",
	month = "Décembre",
	publisher = "Bretagne.net"
	}
	
@article{Scandales,
	author = " ",
	journal = "Les Echos",
	title = "Retour sur les grands scandales alimentaires",
	year = "2013",
	month = "11 Février"
	}

@misc{AvenirExploitationVolailleBretonne,
	author = "Service Veille – Etudes – Prospective de la Chambre Régionale d’agriculture de Bretagne",
	year = "2007",
	month = "Octobre",
	title = "Avenir des exploitations avicoles de chair bretonnes à l’horizon 2015",
	howpublished = "\url{http://www.synagri.com/ca1/PJ.nsf/TECHPJPARCLEF/07588/}"
	}
	
@misc{CartesBretagneAgroAlimentaire20142016,
	author = "Bretagne Développement Innovation",
	title = "{LES CARTES} de la {B}retagne {AGROALIMENTAIRE} 2014/2016",
	year = "2014",
	month = "11 Septembre",
	howpublished = "\url{http://ressources.bdi.fr/telechargements/cartes_FR HD_vf.pdf}"
	}
	